
@article{ALICEexpe,
  author={The ALICE Collaboration},
  title="{The ALICE experiment at the CERN LHC}",
  journal={Journal of Instrumentation},
  volume={3},
  number={08},
  pages={S08002},
  url={http://stacks.iop.org/1748-0221/3/i=08/a=S08002},
  year={2008},
}

@article{simuSpectro,
      author         = "L. Aphecetche and others",
      title          = "{Numerical simulations and offline reconstruction of the muon spectrometer of ALICE}",
      year           = "ALICE Internal Note ALICE-INT-2009-044",
	  url = {https://edms.cern.ch/document/1054937/1},
      //note			 = "{\href{https://edms.cern.ch/document/1054937/1}{lien internet}}",
}

@article{LongJpsiPaper,
      author         = "Adam, Jaroslav and others",
      title          = "{Differential studies of inclusive J/$\psi$ and $\psi$(2S)
                        production at forward rapidity in Pb-Pb collisions at $
                        \sqrt{s_{\mathrm{NN}}}=2.76$ TeV}",
      collaboration  = "ALICE",
      journal        = "JHEP",
      volume         = "05",
      year           = "2016",
      pages          = "179",
      doi            = "10.1007/JHEP05(2016)179",
      eprint         = "1506.08804",
      archivePrefix  = "arXiv",
      primaryClass   = "nucl-ex",
      reportNumber   = "CERN-PH-EP-2015-157",
      SLACcitation   = "%%CITATION = ARXIV:1506.08804;%%"
}


@article{UpsilonPbPb276ALICE,
      author         = "Abelev, Betty Bezverkhny and others",
      title          = "{Suppression of $\Upsilon (1S)$ at forward rapidity in
                        Pb-Pb collisions at $\sqrt{s_{\rm NN}} = 2.76$ TeV}",
      collaboration  = "ALICE",
      journal        = "Phys. Lett.",
      volume         = "B738",
      year           = "2014",
      pages          = "361-372",
      doi            = "10.1016/j.physletb.2014.10.001",
      eprint         = "1405.4493",
      archivePrefix  = "arXiv",
      primaryClass   = "nucl-ex",
      reportNumber   = "CERN-PH-EP-2014-103, ALICE-PUBLIC-2014-001",
      SLACcitation   = "%%CITATION = ARXIV:1405.4493;%%"
}


